<record><leader>00000cas a22000007a 4500</leader><controlfield tag="001">11765044</controlfield><controlfield tag="008">850305d18761902iaudr ne      0    0eng d</controlfield><datafield ind1=" " ind2=" " tag="010"><subfield code="a">sn 85049533 </subfield></datafield><datafield ind1=" " ind2=" " tag="040"><subfield code="a">INP</subfield><subfield code="b">eng</subfield><subfield code="c">INP</subfield><subfield code="d">NYS</subfield><subfield code="d">OCLCQ</subfield></datafield><datafield ind1=" " ind2=" " tag="042"><subfield code="a">msc</subfield></datafield><datafield ind1="0" ind2="0" tag="245"><subfield code="a">Iowa City daily Republican.</subfield></datafield><datafield ind1="3" ind2="0" tag="246"><subfield code="a">Daily Republican</subfield></datafield><datafield ind1="1" ind2="7" tag="246"><subfield code="a">Iowa Republican</subfield><subfield code="f">Apr. 1-June 3, 1883</subfield></datafield><datafield ind1="1" ind2="7" tag="246"><subfield code="a">Iowa City Republican</subfield><subfield code="f">June 5, 1883-&lt;Oct. 29, 1896&gt;</subfield></datafield><datafield ind1=" " ind2=" " tag="260"><subfield code="a">Iowa City, Iowa :</subfield><subfield code="b">[s.n.],</subfield><subfield code="c">1876-1902.</subfield></datafield><datafield ind1=" " ind2=" " tag="300"><subfield code="a">25 v. :</subfield><subfield code="b">ill. ;</subfield><subfield code="c">69 cm.</subfield></datafield><datafield ind1=" " ind2=" " tag="310"><subfield code="a">Daily</subfield></datafield><datafield ind1="0" ind2=" " tag="362"><subfield code="a">Vol. 1, no. 1 (June 6, 1876)-v. 25, no. 231 (Jan. 4, 1902).</subfield></datafield><datafield ind1=" " ind2=" " tag="500"><subfield code="a">Publishers: Wilson, Rodgers &amp; Shields, Mar. 7, 1877-Oct. 6, 1879; Republican Print. Co., Oct. 7, 1879-Jan. 4, 1902.</subfield></datafield><datafield ind1=" " ind2=" " tag="500"><subfield code="a">Editors: S.D. Pryce &amp; J.H.C. Wilson, June 6, 1876-Oct. 6, 1879; Herbert S. Fairall, Dec. 5, 1881-June 3, 1883; Stephen B. Howard, June 5, 1883-Apr. 20, 1886; Herbert S. Fairall, Apr. 21, 1886-&lt;Dec. 30, 1893&gt;; S.D. Cook, &lt;June 6, 1894-June 3, 1895&gt;; Walter M. Davis, &lt;July 1, 1896-Oct. 29, 1897&gt;; Wm. H. Conant, &lt;Nov. 16, 1898&gt;-Nov. 17, 1900; Florence Huntley, Nov. 11, 1901-Jan. 4, 1902.</subfield></datafield><datafield ind1=" " ind2=" " tag="752"><subfield code="a">United States</subfield><subfield code="b">Iowa</subfield><subfield code="c">Johnson</subfield><subfield code="d">Iowa City.</subfield></datafield><datafield ind1="0" ind2=" " tag="775"><subfield code="t">Iowa City Republican (Iowa City, Iowa : 1862 : Weekly)</subfield><subfield code="w">(DLC)sn 84027175</subfield><subfield code="g">June 6, 1876-Sept. 8, 1880</subfield></datafield><datafield ind1="0" ind2=" " tag="775"><subfield code="t">Iowa City weekly Republican</subfield><subfield code="w">(DLC)sn 84045101</subfield><subfield code="g">Sept. 15, 1880-Jan. 4, 1902</subfield></datafield><datafield ind1="0" ind2=" " tag="775"><subfield code="t">Iowa City Republican (Iowa City, Iowa : State ed.)</subfield><subfield code="w">(DLC)sn 87057385</subfield><subfield code="g">&lt;May 27-July 22, 1882&gt;</subfield></datafield><datafield ind1="0" ind2=" " tag="775"><subfield code="t">Iowa City weekly Republican (Iowa City, Iowa : County ed.)</subfield><subfield code="w">(DLC)sn 87057395</subfield><subfield code="g">&lt;July 26, 1882&gt;</subfield></datafield><datafield ind1="0" ind2="0" tag="785"><subfield code="t">Iowa City Republican (Iowa City, Iowa : 1902 : Daily)</subfield><subfield code="w">(DLC)sn 82014123</subfield></datafield><datafield ind1="1" ind2=" " tag="029"><subfield code="a">AU@</subfield><subfield code="b">000020368929</subfield></datafield></record>